<?xml version="1.0" encoding="UTF-8"?><collection xmlns="http://www.loc.gov/MARC21/slim"><record><leader>00369nam--2200121-i-4500</leader><controlfield tag="001">000025266</controlfield><controlfield tag="002">20161230</controlfield><controlfield tag="005">20161230201035</controlfield><controlfield tag="008">060222s1000------------r-----000-0-eng-d</controlfield><datafield ind1=" " ind2=" " tag="080"><subfield code="a">621.3</subfield></datafield><datafield ind1=" " ind2=" " tag="245"><subfield code="a">Inovatii in industria electrotehnica. redactat de serviciul de presa al oficiului de inventii al rpu</subfield></datafield><datafield ind1=" " ind2=" " tag="260"><subfield code="a">Bucursti, Ed.Energetica De Stat, 1953. 238p</subfield></datafield><datafield ind1=" " ind2=" " tag="852"><subfield code="a">3150</subfield></datafield></record></collection>